@misc{autoregressive,
url={https://en.wikipedia.org/wiki/Autoregressive_integrated_moving_average},
journal={En.wikipedia.org},
year={2017}
},

@misc{trubetskoy,
title={Holt-Winters Forecasting for Dummies (or Developers) - Part I - Gregory Trubetskoy},
url={https://grisha.org/blog/2016/01/29/triple-exponential-smoothing-forecasting/},
journal={Grisha.org},
author={Trubetskoy, Gregory},
year={2016}
}
